@article{benevenuto2010detecting,
  title={Detecting spammers on twitter},
  author={Benevenuto, Fabricio and Magno, Gabriel and Rodrigues, Tiago and Almeida, Virgilio},
  journal={Collaboration, electronic messaging, anti-abuse and spam conference (CEAS)},
  volume={6},
  number={2010},
  pages={12},
  year={2010}
}

@article{li2021communicating,
  title={Communicating COVID-19 information on TikTok: a content analysis of TikTok videos from official accounts featured in the COVID-19 information hub},
  author={Li, Yachao and Guan, Mengfei and Hammond, Paige and Berrey, Lane E},
  journal={Health education research},
  volume={36},
  number={3},
  pages={261--271},
  year={2021},
  publisher={Oxford University Press}
}

@misc{twitterapi,
    title = {Sito ufficiale delle API di Twitter},
    howpublished = {https://developer.twitter.com/en/docs/labs/tweets-and-users/quick-start/get-tweets},
}

@misc{googlesheet,
    title = {Sito ufficiale del servizio Google Sheet},
    howpublished = {https://www.google.it/intl/it/sheets/about},
}

@misc{scraper,
    title = {Repository ufficiale dell'estensione TikTokScraperExtension},
    howpublished = {https://github.com/Supercaly/TikTokScraperExtension},
}

@article{chang2010new,
  title={A new perspective on Twitter hashtag use: Diffusion of innovation theory},
  author={Chang, Hsia-Ching},
  journal={Proceedings of the American Society for Information Science and Technology},
  volume={47},
  number={1},
  pages={1--4},
  year={2010},
  publisher={Wiley Online Library}
}

@article{saxton2015advocatingforchange,
  title={\# AdvocatingForChange: The strategic use of hashtags in social media advocacy},
  author={Saxton, Gregory D and Niyirora, Jerome and Guo, Chao and Waters, Richard},
  journal={Advances in Social Work},
  volume={16},
  number={1},
  pages={154--169},
  year={2015}
}